<marc:record xmlns:marc="http://www.loc.gov/MARC21/slim" xmlns:xsi="http://www.w3.org/2001/XMLSchema-instance" xsi:schemaLocation="http://www.loc.gov/MARC21/slim http://www.loc.gov/standards/marcxml/schema/MARC21slim.xsd"><marc:leader>00561nkm a2200217 a 45 0</marc:leader><marc:controlfield tag="001">1011643</marc:controlfield><marc:controlfield tag="003">NL-AMISG</marc:controlfield><marc:controlfield tag="005">19971222115957.0</marc:controlfield><marc:controlfield tag="008">199712suuuuuuuu||||||||||||||||||||||| d</marc:controlfield><marc:datafield ind1=" " ind2=" " tag="035"><marc:subfield code="a">(IISG)IISGb10791899</marc:subfield></marc:datafield><marc:datafield ind1=" " ind2=" " tag="040"><marc:subfield code="a">NL-AmISG</marc:subfield></marc:datafield><marc:datafield ind1="1" ind2=" " tag="100"><marc:subfield code="a">Willemen, Kees,</marc:subfield><marc:subfield code="e">draughtsman.</marc:subfield><marc:subfield code="0">(NL-AMISG)361306</marc:subfield></marc:datafield><marc:datafield ind1="1" ind2="0" tag="245"><marc:subfield code="k">Visual document.</marc:subfield></marc:datafield><marc:datafield ind1=" " ind2=" " tag="260"><marc:subfield code="c">(1967?)</marc:subfield></marc:datafield><marc:datafield ind1=" " ind2=" " tag="300"><marc:subfield code="g">26.5x20 cm.</marc:subfield></marc:datafield><marc:datafield ind1=" " ind2=" " tag="542"><marc:subfield code="m">closed</marc:subfield></marc:datafield><marc:datafield ind1="1" ind2="4" tag="600"><marc:subfield code="a">Luns, J.M.A.H.</marc:subfield><marc:subfield code="0">(NL-AMISG)203957</marc:subfield></marc:datafield><marc:datafield ind1="2" ind2="4" tag="611"><marc:subfield code="0">(NL-AMISG)2508</marc:subfield><marc:subfield code="a">Actie Israël</marc:subfield><marc:subfield code="(1967)">e</marc:subfield></marc:datafield><marc:datafield ind1=" " ind2="4" tag="648"><marc:subfield code="a">1967-1967.</marc:subfield><marc:subfield code="0">(NL-AMISG)366216</marc:subfield></marc:datafield><marc:datafield ind1=" " ind2="4" tag="650"><marc:subfield code="a">Caricature.</marc:subfield><marc:subfield code="0">(NL-AMISG)306037</marc:subfield></marc:datafield><marc:datafield ind1=" " ind2="4" tag="651"><marc:subfield code="a">Netherlands.</marc:subfield><marc:subfield code="0">(NL-AMISG)569282</marc:subfield></marc:datafield><marc:datafield ind1=" " ind2="4" tag="655"><marc:subfield code="a">Drawing.</marc:subfield><marc:subfield code="0">(NL-AMISG)269282</marc:subfield></marc:datafield><marc:datafield ind1=" " ind2="4" tag="655"><marc:subfield code="a">Print.</marc:subfield><marc:subfield code="0">(NL-AMISG)262665</marc:subfield></marc:datafield><marc:datafield ind1=" " ind2=" " tag="694"><marc:subfield code="a">Willemen, K.</marc:subfield><marc:subfield code="b">BG C15/451</marc:subfield></marc:datafield><marc:datafield ind1=" " ind2=" " tag="695"><marc:subfield code="a">NED</marc:subfield><marc:subfield code="e">Nederland.</marc:subfield></marc:datafield><marc:datafield ind1="1" ind2=" " tag="700"><marc:subfield code="a">Willemen, Kees,</marc:subfield><marc:subfield code="e">collector.</marc:subfield><marc:subfield code="0">(NL-AMISG)2000737</marc:subfield></marc:datafield><marc:datafield ind1="4" ind2=" " tag="852"><marc:subfield code="a">IISG</marc:subfield><marc:subfield code="b">IISG</marc:subfield><marc:subfield code="c">IISG</marc:subfield><marc:subfield code="j">BG C15/451</marc:subfield><marc:subfield code="n">Available</marc:subfield><marc:subfield code="p">10622/30051000814613</marc:subfield></marc:datafield><marc:datafield ind1=" " ind2=" " tag="901"><marc:subfield code="a">1011643</marc:subfield><marc:subfield code="b">Unknown</marc:subfield><marc:subfield code="c">1011643</marc:subfield><marc:subfield code="t">biblio</marc:subfield></marc:datafield><marc:datafield ind1=" " ind2=" " tag="902"><marc:subfield code="a">10622/90B56507-A90A-487D-B4CF-4A6B1E4D5F47</marc:subfield></marc:datafield></marc:record>